%YAML 1.1
%TAG !u! tag:unity3d.com,2011:
--- !u!1001 &100100000
Prefab:
  m_ObjectHideFlags: 1
  serializedVersion: 2
  m_Modification:
    m_TransformParent: {fileID: 0}
    m_Modifications: []
    m_RemovedComponents: []
  m_ParentPrefab: {fileID: 0}
  m_RootGameObject: {fileID: 1406313651014294}
  m_IsPrefabParent: 1
--- !u!1 &1406313651014294
GameObject:
  m_ObjectHideFlags: 0
  m_PrefabParentObject: {fileID: 0}
  m_PrefabInternal: {fileID: 100100000}
  serializedVersion: 5
  m_Component:
  - component: {fileID: 4773098561315270}
  - component: {fileID: 114432038973875628}
  - component: {fileID: 114063885179987842}
  m_Layer: 0
  m_Name: VoiceRecorder
  m_TagString: Untagged
  m_Icon: {fileID: 0}
  m_NavMeshLayer: 0
  m_StaticEditorFlags: 0
  m_IsActive: 1
--- !u!4 &4773098561315270
Transform:
  m_ObjectHideFlags: 1
  m_PrefabParentObject: {fileID: 0}
  m_PrefabInternal: {fileID: 100100000}
  m_GameObject: {fileID: 1406313651014294}
  m_LocalRotation: {x: 0, y: 0, z: 0, w: 1}
  m_LocalPosition: {x: -21.75, y: 0, z: 16.79}
  m_LocalScale: {x: 1, y: 1, z: 1}
  m_Children: []
  m_Father: {fileID: 0}
  m_RootOrder: 0
  m_LocalEulerAnglesHint: {x: 0, y: 0, z: 0}
--- !u!114 &114063885179987842
MonoBehaviour:
  m_ObjectHideFlags: 1
  m_PrefabParentObject: {fileID: 0}
  m_PrefabInternal: {fileID: 100100000}
  m_GameObject: {fileID: 1406313651014294}
  m_Enabled: 1
  m_EditorHideFlags: 0
  m_Script: {fileID: 11500000, guid: 0c8d38fa5b600b0499c1e9bd4c4d8d1b, type: 3}
  m_Name: 
  m_EditorClassIdentifier: 
  AudioClip: {fileID: 0}
  LoopAudioClip: 1
  SamplingRate: 24000
  FrameDuration: 20000
  Bitrate: 30000
  VoiceDetection: 1
  VoiceDetectionThreshold: 0.01
--- !u!114 &114432038973875628
MonoBehaviour:
  m_ObjectHideFlags: 1
  m_PrefabParentObject: {fileID: 0}
  m_PrefabInternal: {fileID: 100100000}
  m_GameObject: {fileID: 1406313651014294}
  m_Enabled: 1
  m_EditorHideFlags: 0
  m_Script: {fileID: 11500000, guid: 465ba279ba7e94f4ca9bf4c18f8294ba, type: 3}
  m_Name: 
  m_EditorClassIdentifier: 
  _port: 55155
  _totalReadPacketSize: 0
  _averageReadPacketSize: 0
  _totalPacketSize: 0
  _averagePacketSize: 0
